
@string{AAAI= {Proceedings of the National Conference on Artificial Intelligence}}
@string{AI = {Artificial Intelligence}}
@string(ACL = "Proc. of the Annual Meeting of the ACL")
@string{algor={Algorithmica}}
@string(ANLP = "Proc. of ACL Conference on Applied Natural Language Processing")
@string(ARPA = "Proc. of the ARPA Workshop on Human Language Technology")
@string(Benjamin = "Benjamin/Cummings Publishing Company, Inc.")
@string{CACM = {Communications of the ACM}}
@string(Cambridge = "Cambridge University Press")
@string(Coling = "Proc. of COLING")
@string{COLT = {Proc. of the Annual ACM Workshop on Computational Learning Theory}}
@string(CoNLL = "Proc. of the Annual Conference on Computational Natural Language Learning")
@string(CONLL = "Computational Natural Language Learning")
@string{CSL = {Computer Speech and Language}}
@string{CL = {Computational Linguistics}}
@string{CVPR = {The IEEE Conference on Computer Vision and Pattern Recognition}}
@string(DARPA = "Proc. of the DARPA Workshop on Speech and Natural Language")
@string{ECML = {Proc. of the European Conference on Machine Learning}}
@string{FOCS = {IEEE Symp. of Foundation of Computer Science}}
@string{IAAI= {Proceedings of the National Conference on Innovative Applications of  Artificial Intelligence}}
@string(ICASSP = "Proc. of ICASSP")
@string{ICML = {Proc. of the International Conference on Machine Learning}}
@string(IJCAI = "Proc. of the International Joint Conference on Artificial Intelligence")
@string{ILP =  {Proc. of the International Conference Inductive Logic Programming}}
@string{InfCtrl = {Information and Control}}
@string{InfComp = {Information and Computation}}
@string(IPW = "Proc. of the International Parsing Workshop")
@string{IT = {IEEE Transactions on information theory}}
@string{JACM = {Journal of the ACM}}
@string{JCSS = {Journal of Computer and System Sciences}}
@string{KR = {Proc. of the International Conference on the Principles of Knowledge Representation and Reasoning}}
@string(MIT = "MIT Press")
@string{ML = {Proc. of the International Conference on Machine Learning}}
@string{MLJ = {Machine Learning}}
@string(NAACL = "Proc. of the Annual Meeting of the North American Association of Computational Linguistics")
@string{NIPS = "Neural Information Processing Systems"}
@string{SIGIR = "Proc. of International Conference on Research and Development in Information Retrieval, SIGIR"}
@string{SIJAD = {SIAM Journal of Algebraic and Discrete Methods}}
@string{SIJC = {SIAM Journal of Computing}}
@string{STOC = {ACM Symp. of the Theory of Computing}}
@string{TASSP = {IEEE Transactions on Acoustics, speech, and Signal Processing}}
@string{TCS = {Theoretical Computer Science}}
@string(TMI = "Proc. of the International Conference on Theoretical and Methodological Issues in Machine Translation")
@string(UWOED = "Proc. of the Annual Conference of the UW Center for the New OED and Text Research")


@InProceedings{barzilay-lapata:2006:HLT-NAACL06-Main,
  author    = {Barzilay, Regina  and  Lapata, Mirella},
  title     = {{Aggregation via Set Partitioning for Natural Language
                Generation}},
  booktitle = {Proceedings of the Human Language Technology Conference
               of the NAACL, Main Conference},
  month     = {June},
  year      = {2006},
  address   = {New York City, USA},
  publisher = {Association for Computational Linguistics},
  pages     = {359--366},
  url       = {http://www.aclweb.org/anthology/N/N06/N06-1046}
}

@INPROCEEDINGS{CarrerasMa04,
  author = {X. Carreras and L. M\`arquez},
  title = {{Introduction to the CoNLL Shared Tasks: Semantic Role Labeling}},
  booktitle = {{Proceedings of CoNLL-04}},
  year = {2004},
  pages = {110--113},
  owner = {mchang21},
  timestamp = {2007.01.30}
}

@INPROCEEDINGS{HPWMJ04,
  author = {K. Hacioglu and S. Pradhan and W. Ward and J. H. Martin and
            D. Jurafsky},
  title = {{Semantic Role Labeling by Tagging Syntactic Chunks}},
  booktitle = {{Proceedings of CoNLL-04}},
  year = {2004},
  pages = {110--113},
  owner = {mchang21},
  timestamp = {2007.01.30}
}

@InProceedings{marciniak-strube:2005:CoNLL,
  author    = {Marciniak, Tomasz  and  Strube, Michael},
  title     = {{Beyond the Pipeline: Discrete Optimization in NLP}},
  booktitle = {{Proceedings of the Ninth Conference on Computational
                Natural Language Learning (CoNLL-2005)}},
  month     = {June},
  year      = {2005},
  address   = {Ann Arbor, Michigan},
  publisher = {Association for Computational Linguistics},
  pages     = {136--143},
  url       = {http://www.aclweb.org/anthology/W/W05/W05-0618}
}

@article{marcus94building,
  author = {Mitchell P. Marcus and Beatrice Santorini and Mary Ann
            Marcinkiewicz},
  title = {Building a Large Annotated Corpus of English: The Penn Treebank},
  journal = {Computational Linguistics},
  volume = {19},
  number = {2},
  pages = {313-330},
  year = {1994},
  url = {citeseer.ist.psu.edu/marcus04building.html}
}

@article{PalmerGiKi05,
  author = {Palmer, Martha and Gildea, Daniel and Kingsbury, Paul},
  journal = {{Computational Linguistics}},
  month = {March},
  number = {1},
  pages = {71--106},
  publisher = {MIT Press},
  title = {{The Proposition Bank: An Annotated Corpus of Semantic Roles}},
  url = {http://dx.doi.org/10.1162/0891201053630264},
  volume = {31},
  year = {2005}
}

@inproceedings{PunyakanokRoYi05,
  author = {V. Punyakanok and D. Roth and W. Yih},
  title = {{The Necessity of Syntactic Parsing for Semantic Role Labeling}},
  booktitle = {{Proc. of the International Joint Conference on Artificial
                Intelligence (IJCAI)}},
  comment = {An Analysis of the impact of syntactic parsing on semantic role
labeling. Joint inference is used both to guarantee coherent SRL output and to
combine several SRL systems.},
  year = {2005},
  acceptance = {240/1329 (18\%)},
  url = "http://l2r.cs.uiuc.edu/~danr/Papers/PunyakanokRoYi05.pdf",
  projects = {IE, LINL, SP, ILP},
  funding = {KINDLE, REFLEX, MURI, XPRESSMP},
  pages = {1117--1123},
}

@article{PunyakanokRoYi08,
  author    = {V. Punyakanok and D. Roth and W. Yih},
  title     = {{The Importance of Syntactic Parsing and Inference in Semantic
                Role Labeling}},
  journal   = CL,
  volume    = {34},
  number    = {2},
  year      = {2008},
  pages     = {257-287},
  url       = "http://l2r.cs.uiuc.edu/~danr/Papers/PunyakanokRoYi07.pdf",
  projects  = {IE,LINL,SP,ILP,SRL},
  funding   = {KINDLE,REFLEX,MURI,XPRESSMP},
}

@inproceedings{PRYZ04,
  author = {Punyakanok, V. and Roth, D. and Yih, W. and Zimak, D.},
  title = {{Semantic Role Labeling via Integer Linear Programming Inference}},
  booktitle = {{Proc. the International Conference on Computational
                Linguistics (COLING)}},
  month = {August},
  year = {2004},
  pages = {1346--1352},
  acceptance = {},
  address = {Geneva, Switzerland},
  comment = {Semantic Parsing; Structure Learning with Expressive Constraints;
             Constraint Optimization; Integer Linear Programming},
  url = "http://l2r.cs.uiuc.edu/~danr/Papers/PRYZ04.pdf",
  projects = {SP, LnI},
  funding = {ITR-BI, MURI, KINDLE, XPRESSMP},
}

@inproceedings{fischer00generating,
  author = "Bernd Fischer and Johann Schumann and Thomas Pressburger",
  title = "Generating Data Analysis Programs from Statistical Models",
  booktitle = "Semantics, Applications, and Implementation of Program Generation ({SAIG})",
  pages = "212--229",
  year = "2000",
  url = "citeseer.ist.psu.edu/fischer01generating.html"
}

@article{RichardsonDo06,
 author = {Matthew Richardson and Pedro Domingos},
 title = {Markov logic networks},
 journal = {Mach. Learn.},
 volume = {62},
 number = {1-2},
 year = {2006},
 issn = {0885-6125},
 pages = {107--136},
 doi = {http://dx.doi.org/10.1007/s10994-006-5833-1},
 publisher = {Kluwer Academic Publishers},
 address = {Hingham, MA, USA},
 }

@inproceedings{MilchMaRuSoOnKo05blog,
title =         {{BLOG}: Probabilistic Models with Unknown Objects},
author =        {Brian Milch and Bhaskara Marthi and Stuart Russell and David
                 Sontag and Daniel L. Ong and Andrey Kolobov},
booktitle =     IJCAI,
year =          {2005},
pages =         {1352--1359}
}

@inproceedings{sato97prism,
title =         {{PRISM}: A symbolic-statistical modeling language},
author =        {Sato, T. and Kameya, Y.},
booktitle =     IJCAI,
year =          {1997},
pages =         {1330--1335}
}

@inproceedings{pfeffer01ibal,
author = "Avi Pfeffer",
title = "{IBAL}: A Probabilistic Rational Programming Language",
booktitle = "{IJCAI}",
pages = "733-740",
year = "2001",
url = "citeseer.ist.psu.edu/447186.html"
}

@InProceedings{RizzoloRo07,
  author    = {N. Rizzolo and D. Roth},
  title     = {{Modeling Discriminative Global Inference}},
  booktitle = {{Proceedings of the First International Conference on
                Semantic Computing (ICSC)}},
  month     = {September},
  year      = {2007},
  address   = {{Irvine, California}},
  publisher = {{IEEE}},
  pages     = {597-604},
  comment   = {Learning Based Java},
  projects  = {Learning Based Programming},
  funding   = {NSF-SoD, LBP},
  url       = "http://l2r.cs.uiuc.edu/~danr/Papers/RizzoloRo07.pdf"
}

